@misc{Tensorflow,
    author =        "{Google}",
    title =         "About tensorflow",
    year =          "2020",
    howpublished=   {\url{https://www.tensorflow.org/about/}},
    URL =           "https://www.tensorflow.org/about/"
}

@misc{WebScraping,
    author =        "{Wikipedia}",
    title =         "About WebScraping",
    year =          "2020",
    howpublished=   {\url{https://en.wikipedia.org/wiki/Web_scraping}},
    URL =           "https://en.wikipedia.org/wiki/Web_scraping"
}

https://en.wikipedia.org/wiki/Web_scraping